@article{Taghipour2013,
  doi = {10.1155/2013/341419},
  url = {https://doi.org/10.1155/2013/341419},
  year = {2013},
  publisher = {Hindawi Limited},
  volume = {2013},
  pages = {1--6},
  author = {Hassan Taghipour and Mahdi Rezaei and Heydar Ali Esmaili},
  title = {Solving the 0/1 Knapsack Problem by a Biomolecular {DNA} Computer},
  journal = {Advances in Bioinformatics}
}