@article{article,
author = {Roweis, Sam and Winfree, Erik and Burgoyne, Richard and Chelyapov, Nickolas and Goodman, Myron and Rothemund, Paul and Adleman, Leonard},
year = {1998},
month = {02},
pages = {615-29},
title = {A Sticker-Based Model for DNA Computation},
volume = {5},
journal = {Journal of computational biology : a journal of computational molecular cell biology},
doi = {10.1089/cmb.1998.5.615}
}